%%%%%%%%%%%%%%%%%%%%%%% Comments %%%%%%%%%%%%%%%%%%%%%%%%
%% BibTeX can accept names in "forename surname" or "surname, forename".
%% to tell BibTeX when a reference has more than one author by putting the keyword "and" in between every author.
%%%%%%%%%%%%%%%%%%%%%%% Bibliography %%%%%%%%%%%%%%%%%%%%%%%




